<?xml version="1.0" encoding="UTF-8"?><collection xmlns="http://www.loc.gov/MARC21/slim"><record><leader>00543nam--2200169-i-4500</leader><controlfield tag="001">000036269</controlfield><controlfield tag="002">20161230</controlfield><controlfield tag="005">20161230201040</controlfield><controlfield tag="008">060222s1000------------r-----000-0-eng-d</controlfield><datafield ind1=" " ind2=" " tag="040"><subfield code="a">IFIN-HH</subfield></datafield><datafield ind1=" " ind2=" " tag="080"><subfield code="a">801.314(043):809.12(043)</subfield></datafield><datafield ind1="1" ind2=" " tag="100"><subfield code="a">O`Bryan, Margie J.Cunningham</subfield></datafield><datafield ind1="1" ind2="0" tag="245"><subfield code="a">The history and development of the verbal system of early middle indic</subfield><subfield code="b">Dissertation</subfield><subfield code="c">Margie j.cunningham o`bryan</subfield></datafield><datafield ind1=" " ind2=" " tag="260"><subfield code="a">An Arbor, Michigan</subfield><subfield code="b">University Microfilms Co</subfield><subfield code="c">1973</subfield></datafield><datafield ind1=" " ind2=" " tag="300"><subfield code="a">IV+184P</subfield></datafield><datafield ind1=" " ind2=" " tag="852"><subfield code="a">42247</subfield><subfield code="c">4</subfield></datafield><datafield ind1=" " ind2=" " tag="CAT"><subfield code="a">Sys</subfield><subfield code="c">20130206</subfield><subfield code="h">150027</subfield></datafield></record></collection>